<record><leader>00000cas a2200000 a 4500</leader><controlfield tag="001">9316049</controlfield><controlfield tag="008">830316d18461846mauwr ne      0    0eng c</controlfield><datafield ind1=" " ind2=" " tag="010"><subfield code="a">sn 83020289 </subfield></datafield><datafield ind1=" " ind2=" " tag="040"><subfield code="a">NPX</subfield><subfield code="b">eng</subfield><subfield code="c">NPX</subfield><subfield code="d">NPY</subfield><subfield code="d">DLC</subfield><subfield code="d">MGN</subfield><subfield code="d">OCLCQ</subfield><subfield code="d">DLC</subfield><subfield code="d">OCLCQ</subfield><subfield code="d">OCLCF</subfield><subfield code="d">OCLCO</subfield></datafield><datafield ind1="1" ind2=" " tag="029"><subfield code="a">AU@</subfield><subfield code="b">000020275420</subfield></datafield><datafield ind1=" " ind2=" " tag="042"><subfield code="a">pcc</subfield></datafield><datafield ind1=" " ind2=" " tag="043"><subfield code="a">n-us-ma</subfield></datafield><datafield ind1="0" ind2="0" tag="050"><subfield code="a">Newspaper</subfield></datafield><datafield ind1="0" ind2="0" tag="245"><subfield code="a">Lynn pioneer.</subfield></datafield><datafield ind1=" " ind2=" " tag="260"><subfield code="a">Lynn, Mass. :</subfield><subfield code="b">Christopher Robinson,</subfield><subfield code="c">-1846.</subfield></datafield><datafield ind1=" " ind2=" " tag="300"><subfield code="a">v. ;</subfield><subfield code="c">60 cm.</subfield></datafield><datafield ind1=" " ind2=" " tag="310"><subfield code="a">Weekly</subfield></datafield><datafield ind1="1" ind2=" " tag="362"><subfield code="a">Began in 1846.</subfield></datafield><datafield ind1="0" ind2=" " tag="362"><subfield code="a">-v. 5, no. 34 (Oct. 29, 1846).</subfield></datafield><datafield ind1=" " ind2=" " tag="500"><subfield code="a">Anti-masonic.</subfield></datafield><datafield ind1=" " ind2=" " tag="525"><subfield code="a">Supplement issued with May 27, 1846 issue.</subfield></datafield><datafield ind1=" " ind2=" " tag="530"><subfield code="a">Also issued on microfilm from the Library of Congress Photoduplication Service.</subfield></datafield><datafield ind1=" " ind2=" " tag="588"><subfield code="a">Description based on: Vol. 5, no. 4 (Apr. 1, 1846).</subfield></datafield><datafield ind1=" " ind2="0" tag="651"><subfield code="a">Lynn (Mass.)</subfield><subfield code="v">Newspapers.</subfield></datafield><datafield ind1=" " ind2="7" tag="655"><subfield code="a">Newspapers.</subfield><subfield code="2">fast</subfield><subfield code="0">(OCoLC)fst01423814</subfield></datafield><datafield ind1=" " ind2="7" tag="651"><subfield code="a">Massachusetts</subfield><subfield code="z">Lynn.</subfield><subfield code="2">fast</subfield><subfield code="0">(OCoLC)fst01207099</subfield></datafield><datafield ind1=" " ind2=" " tag="752"><subfield code="a">United States</subfield><subfield code="b">Massachusetts</subfield><subfield code="c">Essex</subfield><subfield code="d">Lynn.</subfield></datafield><datafield ind1="0" ind2="0" tag="780"><subfield code="t">Pioneer (Lynn, Mass.)</subfield><subfield code="w">(DLC)sn 83020292</subfield></datafield><datafield ind1="0" ind2="7" tag="785"><subfield code="t">Herald of freedom (Concord, N.H. : 1845)</subfield><subfield code="w">(DLC)sn 90062625</subfield></datafield><datafield ind1="0" ind2="7" tag="785"><subfield code="t">Pioneer and herald of freedom</subfield><subfield code="w">(DLC)sn 83020290</subfield></datafield></record>